<record><leader>00000cas a22000007a 4500</leader><controlfield tag="001">10966244</controlfield><controlfield tag="008">840719d18411845meuwr ne      0    0eng d</controlfield><datafield ind1=" " ind2=" " tag="010"><subfield code="a">sn 84027252 </subfield></datafield><datafield ind1=" " ind2=" " tag="040"><subfield code="a">NPU</subfield><subfield code="b">eng</subfield><subfield code="c">NPU</subfield><subfield code="d">YOX</subfield><subfield code="d">KNP</subfield><subfield code="d">MGN</subfield><subfield code="d">MBN</subfield><subfield code="d">OCL</subfield><subfield code="d">KRTAS</subfield><subfield code="d">OCLCF</subfield><subfield code="d">OCLCO</subfield></datafield><datafield ind1=" " ind2=" " tag="042"><subfield code="a">msc</subfield></datafield><datafield ind1="0" ind2=" " tag="130"><subfield code="a">Portland tribune (Portland, Me.)</subfield></datafield><datafield ind1="0" ind2="0" tag="245"><subfield code="a">Portland tribune.</subfield></datafield><datafield ind1=" " ind2=" " tag="260"><subfield code="a">Portland [Me. :</subfield><subfield code="b">s.n.],</subfield></datafield><datafield ind1=" " ind2=" " tag="300"><subfield code="a">v. ;</subfield><subfield code="c">37 cm.</subfield></datafield><datafield ind1=" " ind2=" " tag="310"><subfield code="a">Weekly</subfield></datafield><datafield ind1="0" ind2=" " tag="362"><subfield code="a">Vol. 1, no. 1 (Apr. 24, 1841)-v. 5, no. 10 (June 14, 1845).</subfield></datafield><datafield ind1=" " ind2=" " tag="500"><subfield code="a">"A family paper, devoted to literature, news &amp;c."</subfield></datafield><datafield ind1=" " ind2=" " tag="500"><subfield code="a">"We shall have nothing to do with politics."</subfield></datafield><datafield ind1=" " ind2=" " tag="500"><subfield code="a">Published by Tucker, Sumner &amp; Co., Apr. 13, 1844-June 2, 1844; and by Plummer, Cushing &amp; Co. beginning with Sept. 14, 1844 issue.</subfield></datafield><datafield ind1=" " ind2=" " tag="500"><subfield code="a">Editor: 1841-1845, D.C. Colesworthy.</subfield></datafield><datafield ind1=" " ind2=" " tag="530"><subfield code="a">Also available on microfilm from the New York Public Library.</subfield></datafield><datafield ind1=" " ind2="0" tag="651"><subfield code="a">Portland (Me.)</subfield><subfield code="v">Newspapers.</subfield></datafield><datafield ind1=" " ind2="7" tag="655"><subfield code="a">Newspapers.</subfield><subfield code="2">fast</subfield><subfield code="0">(OCoLC)fst01423814</subfield></datafield><datafield ind1=" " ind2="7" tag="651"><subfield code="a">Maine</subfield><subfield code="z">Portland.</subfield><subfield code="2">fast</subfield><subfield code="0">(OCoLC)fst01213254</subfield></datafield><datafield ind1=" " ind2=" " tag="752"><subfield code="a">United States</subfield><subfield code="b">Maine</subfield><subfield code="c">Cumberland</subfield><subfield code="d">Portland.</subfield></datafield><datafield ind1="0" ind2="0" tag="785"><subfield code="t">Weekly tribune and bulletin</subfield><subfield code="w">(DLC)sn 96075025</subfield></datafield><datafield ind1=" " ind2=" " tag="938"><subfield code="a">Kirtas Technologies, Inc.</subfield><subfield code="b">KRTS</subfield><subfield code="n">738630</subfield></datafield></record>